@incollection{dietterich2000ensemble,
  title={Ensemble methods in machine learning},
  author={Dietterich, Thomas G},
  booktitle={Multiple classifier systems},
  pages={1--15},
  year={2000},
  publisher={Springer}
}

@inproceedings{dressler1993qualitative,
  title={Qualitative and quantitative models in a model-based diagnosis system for ballast tank systems},
  author={Dressler, Oskar and B{\"o}ttcher, Claudia and Montag, Michael and Brinkop, Axel},
   booktitle = {Int. Conf. on Fault Diagnosis (TOOLDIAG)}, 
   pages = {397-405},
   year =  {1993}
}

@article{manders2000combined,
  title={A combined qualitative/quantitative approach for fault isolation in continuous dynamic systems},
  author={Manders, Eric-J and Narasimhan, Sriram and Biswas, Gautam and Mosterman, Pieter J},
  journal={Budapest, Hungary},
  pages={1074--1079},
  year={2000}
}
@incollection{schieffer1997diagnosis,
  title={Diagnosis of tank ballast systems},
  author={Schieffer, Bj{\"o}rn and Hotz, G{\"u}nter},
  booktitle={Advances in Intelligent Data Analysis Reasoning about Data},
  pages={597--608},
  year={1997},
  publisher={Springer}
}

@article{kuipers1994composition,
  title={The composition and validation of heterogeneous control laws},
  author={Kuipers, Benjamin and {\AA}str{\"o}m, Karl},
  journal={Automatica},
  volume={30},
  number={2},
  pages={233--249},
  year={1994},
  publisher={Elsevier}
}
@article{li2005general,
  title={General model-set design methods for multiple-model approach},
  author={Li, X Rong and Zhao, Zhanlue and Li, Xiao-Bai},
  journal={Automatic Control, IEEE Transactions on},
  volume={50},
  number={9},
  pages={1260--1276},
  year={2005},
  publisher={IEEE}
}
@article{li1996multiple,
  title={Multiple-model estimation with variable structure},
  author={Li, Xiao-Rong and Bar-Shalom, Yaakov},
  journal={Automatic Control, IEEE Transactions on},
  volume={41},
  number={4},
  pages={478--493},
  year={1996},
  publisher={IEEE}
}
@book{kuncheva2004combining,
  title={Combining pattern classifiers: methods and algorithms},
  author={Kuncheva, Ludmila I},
  year={2004},
  publisher={John Wiley \& Sons}
}
@incollection{brown2010ensemble,
  title={Ensemble learning},
  author={Brown, Gavin},
  booktitle={Encyclopedia of Machine Learning},
  pages={312--320},
  year={2010},
  publisher={Springer}
}
@inproceedings{wetter2001genopt,
  title={GenOpt-A generic optimization program},
  author={Wetter, Michael and others},
  booktitle={Seventh International IBPSA Conference, Rio de Janeiro},
  pages={601--608},
  year={2001}
}